@article{DBLP:journals/corr/ShenTSO13,
  author    = {Yun Shen and
               Michael J. Tobia and
               Tobias Sommer and
               Klaus Obermayer},
  title     = {Risk-sensitive Reinforcement Learning},
  journal   = {CoRR},
  volume    = {abs/1311.2097},
  year      = {2013}
}

@inproceedings{mazumdar:2017aa,
  author = {Eric Mazumdar and Lillian J. Ratliff and Tanner Fiez and S. Shankar Sastry},
  booktitle = {Proceedings of the 56th IEEE Conference on Decision and Control},
  date-added = {2017-05-06 21:19:25 +0000},
  date-modified = {2017-07-18 16:38:49 +0000},
  title = {Gradient--Based Inverse Risk-Sensitive Reinforcement Learning with Applications},
  year = {2017}
}

@article{ratliff:2017aa,
  author = {Lillian J. Ratliff and Eric Mazumdar},
  date-added = {2017-07-18 16:41:17 +0000},
  date-modified = {2017-07-20 16:52:25 +0000},
  journal = {arXiv:1703.09842},
  title = {Risk-Sensitive Inverse Reinforcement Learning via Gradient Methods},
  year = {2017}
}

@book{sutton1998reinforcement,
  title={Reinforcement learning: An introduction},
  author={Sutton, Richard S and Barto, Andrew G},
  volume={1},
  number={1},
  year={1998},
  publisher={MIT press Cambridge}
}

@article{robbins1951stochastic,
  title={A stochastic approximation method},
  author={Robbins, Herbert and Monro, Sutton},
  journal={The annals of mathematical statistics},
  pages={400--407},
  year={1951},
  publisher={JSTOR}
}

@article{tversky1992advances,
  title={Advances in prospect theory: Cumulative representation of uncertainty},
  author={Tversky, Amos and Kahneman, Daniel},
  journal={Journal of Risk and uncertainty},
  volume={5},
  number={4},
  pages={297--323},
  year={1992},
  publisher={Springer}
}